
@inproceedings{Zhong,
  author    = {Erheng Zhong and
               Wei Fan and
               Qiang Yang and
               Olivier Verscheure and
               Jiangtao Ren},
  title     = {Cross Validation Framework to Choose amongst Models and Datasets for
               Transfer Learning},
  booktitle = {Proceedings of 
               {ECML} {PKDD} 2010 Part {III}},
  pages     = {547--562},
  year      = {2010},
}

@article{GrettonMMD,
  author    = {Arthur Gretton and
               Karsten M. Borgwardt and
               Malte J. Rasch and
               Bernhard Sch{\"{o}}lkopf and
               Alexander J. Smola},
  title     = {A Kernel Two-Sample Test},
  journal   = {JMLR},
  volume    = {13},
  pages     = {723--773},
  year      = {2012},
  bibsource = {dblp computer science bibliography, http://dblp.org}
}
@book {BoydVandenberghe2004,
    AUTHOR = {Boyd, Stephen and Vandenberghe, Lieven},
     TITLE = {Convex Optimization},
 PUBLISHER = {Cambridge University Press},
   ADDRESS = {Cambridge},
      YEAR = {2004},
     PAGES = {xiv+716},
     MRREVIEWER = {Dan Butnariu},
}
@article{TommasiTC14,
  author    = {Tatiana Tommasi and
               Tinne Tuytelaars and
               Barbara Caputo},
  title     = {A Testbed for Cross-Dataset Analysis},
  journal   = {CoRR},
  volume    = {abs/1402.5923},
  year      = {2014},
  url       = {http://arxiv.org/abs/1402.5923},
  bibsource = {dblp computer science bibliography, http://dblp.org}
}

@article{PanTKY11,
  author    = {Sinno Jialin Pan and
               Ivor W. Tsang and
               James T. Kwok and
               Qiang Yang},
  title     = {Domain Adaptation via Transfer Component Analysis},
  journal   = {{IEEE} Trans. on Neural Networks},
  volume    = {22},
  number    = {2},
  pages     = {199--210},
  year      = {2011},
  bibsource = {dblp computer science bibliography, http://dblp.org}
}

@inproceedings{WenYG14,
  author    = {Junfeng Wen and
               Chun{-}Nam Yu and
               Russell Greiner},
  title     = {Robust Learning under Uncertain Test Distributions: Relating Covariate
               Shift to Model Misspecification},
  booktitle = {Proceedings of ICML},
  pages     = {631--639},
  year      = {2014},
  bibsource = {dblp computer science bibliography, http://dblp.org}
}
@inproceedings{germain2013pac,
  author    = {Pascal Germain and
               Amaury Habrard and
               Fran\c{c}ois Laviolette and
               Emilie Morvant},
  title     = {A {PAC}-{B}ayesian Approach for Domain Adaptation with
                  Specialization to Linear Classifiers},
  booktitle = {Proceedings of ICML},
  year      = {2013},
}


@incollection {welz1991,
    AUTHOR = {Welzl, Emo},
     TITLE = {Smallest enclosing disks (balls and ellipsoids)},
 BOOKTITLE = {New results and new trends in computer science ({G}raz, 1991)},
    SERIES = {Lecture Notes in Comput. Sci.},
    VOLUME = {555},
     PAGES = {359--370},
 PUBLISHER = {Springer},
   ADDRESS = {Berlin},
      YEAR = {1991},
 }

@inproceedings{Berlind,
  author    = {Christopher Berlind and
               Ruth Urner},
  title     = {Active Nearest Neighbors in Changing Environments},
  booktitle = {Proceedings of {ICML} },
  pages     = {1870--1879},
  year      = {2015},
}

@phdthesis{thesis,
title = {Learning Theory and Algorithms for Auctioning and Adaptation Problems},
author = {Andr{\'e}s Mu{\~n}oz Medina},
school = {New York University},
year = {2015}
}

@phdthesis{schonherr,
  title={Quadratic Programming in Geometric Optimization: Theory, 
          Implementation, and Applications},
  author={Sch\H{o}nherr, Sven},
  school={Swiss Federal Institute of Technology},
  year={2002}
}



@incollection{fischer2003fast,
  title={Fast smallest-enclosing-ball computation in high dimensions},
  author={Fischer, Kaspar and G{\"a}rtner, Bernd and Kutz, Martin},
  booktitle={Algorithms-ESA 2003},
  pages={630--641},
  year={2003},
  publisher={Springer}
}

@INPROCEEDINGS{Kumar03,
    author = {Piyush Kumar and Joseph S. B. Mitchell and E. Alper Yildirim},
    title = {Computing Core-Sets and Approximate Smallest Enclosing
                  HyperSpheres in High Dimensions}, 
    booktitle = {ALENEX, Lecture Notes Comput. Sci},
    year = {2003},
    pages = {45--55}
}

@INPROCEEDINGS{BenDavidBlitzerCrammerPereira2006,
  author    = {Shai Ben-David and
               John Blitzer and
               Koby Crammer and
               Fernando Pereira},
  title     = {Analysis of Representations for Domain Adaptation},
  booktitle = {Proceedings of NIPS},
  year      = {2006},
  pages     = {137-144},
  bibsource = {DBLP, http://dblp.uni-trier.de}
}
@INPROCEEDINGS{blitzer,
  author    = {John Blitzer and
               Koby Crammer and
               Alex Kulesza and
               Fernando Pereira and
               Jennifer Wortman},
  title     = {Learning Bounds for Domain Adaptation},
  booktitle = {Proceedings of NIPS},
  year      = {2007},
  ee        = {http://books.nips.cc/papers/files/nips20/NIPS2007_0628.pdf},
  bibsource = {DBLP, http://dblp.uni-trier.de}
}

@incollection{koltchinskii_and_panchenko,
    AUTHOR = {Koltchinskii, Vladimir and Panchenko, Dmitriy},
     TITLE = {Rademacher processes and bounding the risk of function
              learning},
 BOOKTITLE = {High dimensional probability, {II} ({S}eattle, {WA}, 1999)},
    SERIES = {Progr. Probab.},
    VOLUME = {47},
     PAGES = {443--457},
 PUBLISHER = {Birkh\"auser Boston},
   ADDRESS = {Boston, MA},
      YEAR = {2000},
  MRREVIEWER = {Yu. I. Petunin},
}

@article{koltchinskii_and_panchenko_2,
    AUTHOR = {Koltchinskii, V. and Panchenko, D.},
     TITLE = {Empirical margin distributions and bounding the generalization
              error of combined classifiers},
   JOURNAL = {Ann. Statist.},
  FJOURNAL = {The Annals of Statistics},
    VOLUME = {30},
      YEAR = {2002},
    NUMBER = {1},
     PAGES = {1--50},
      ISSN = {0090-5364},
     CODEN = {ASTSC7},
}

@inproceedings{Bartlett_and_Mendelson2001,
  AUTHOR = {P. L. Bartlett and S. Mendelson},
  TITLE = {Rademacher and {G}aussian complexities: Risk  bounds and structural
  results},
  BOOKTITLE = {Proceedings of the Fourteenth Annual Conference on Computational
  Learning Theory and Fifth European Conference on Computational
  Learning Theory},
  PAGES = {224--240},
  YEAR = {2001}
}


@book{talagrand,
author = "M. Ledoux and M. Talagrand",
title = "Probability in {B}anach Spaces: isoperimetry and processes",
publisher = "Springer",
year = "1991"}

@incollection {mcdiarmid,
author = "McDiarmid, Colin",
title = "On the method of bounded differences",
pages = "148-188",
booktitle = "Surveys in Combinatorics",
year = "1989",
publisher = "Cambridge University Press" 
}

@Book{devroye,
  author =   {Luc Devroye and L\'{a}zl\'{o} Gy\"{o}rfi and G\'{a}bor Lugosi},
  title =    {A Probabilistic Theory of Pattern Recognition},
  publisher =    {Springer},
  year =     1996,
}

@article{ccvv,
author ="Corinna Cortes and Vladimir Vapnik",
title ="{Support-Vector Networks}",
journal ="Machine Learning",
year = "1995",
number = "3",
volume ="20",
pages="273-297",
}

@book{Vapnik1998,
author = {Vladimir N. Vapnik},
title = {Statistical Learning Theory},
year = 1998,
publisher = {J. Wiley \& Sons}
}

@article{bousquet-jmlr,
 author = {Olivier Bousquet and Andr\'e Elisseeff},
 title = {Stability and generalization},
 journal = {Journal of Machine Learning Research},
 volume = {2},
 year = {2002},
 publisher = {MIT Press},
 address = {Cambridge, MA, USA},
 pages = {499--526}
}

@article{kouvelis,
 author = {Selcuk Karabati and Panos Kouvelis and Gang Yu},
 title = {A min-max-sum resource allocation problem and its application},
 journal = {Operations Research},
 volume = {49},
 number = {6},
 year = {2001},
 pages = {913--922}
 }

@inproceedings{nips09,
  title="Domain Adaptation with Multiple Sources",
  author={Yishay Mansour and Mehryar Mohri and Afshin Rostamizadeh},
  booktitle={Proceedings of NIPS},
  year={2009},
  publisher={MIT Press}
}

@inproceedings{von_neumann,
 author = {J. von Neumann},
 title = "{Uber ein \"{o}konomisches Gleichungssystem und eine Verallgemeinerung des Brouwerschen Fixpunktsatzes}",
 booktitle = {Ergebn. Math. Kolloq. Wein 8},
 year = {1937},
 pages = {73--83},
}

@book{chazelle,
 author = {Chazelle, Bernard},
 title = {The discrepancy method: randomness and complexity},
 year = {2000},
 publisher = {Cambridge University Press},
 address = {New York},
 }


@inproceedings{ZhangZhangYe2012,
author={Zhang, Chao and Zhang, Lei and Ye, Jieping},
title={Generalization Bounds for Domain Adaptation},
booktitle = {Proceedings of NIPS},
publisher = {MIT Press},
pages = {1790--1798},
year = {2012},
}

@inproceedings{jiang-zhai07,
title = "{Instance Weighting for Domain Adaptation in NLP}",
author = {Jing Jiang and ChengXiang Zhai},
booktitle = {Proceedings of ACL},
pages = {264--271},
year = {2007}
}

@inproceedings{roark03supervised,
  author = "Brian Roark and Michiel Bacchiani",
  title = "Supervised and unsupervised {PCFG} adaptation to novel domains",
booktitle= "Proceedings of HLT-NAACL",
year    = "2003"
}

@book{nesterov,
author = "Nesterov, Y. and Nemirovsky, A.",
title = "Interior Point Polynomial Methods in Convex Programming:
                  Theory and Appl.",
publisher = "SIAM",
year = "1994"}

@article{jarre,
 author = {Jarre,, Florian},
 title = {An interior-point method for minimizing the maximum
                  eigenvalue of a linear combination of matrices}, 
 journal = {SIAM J. Control Optim.},
 volume = {31},
 number = {5},
 year = {1993},
 pages = {1360--1377},
 publisher = {SIAM}
 }

@article{overton,
 author = {Overton,, Michael L.},
 title = {On minimizing the maximum eigenvalue of a symmetric matrix},
 journal = {SIAM J. Matrix Anal. Appl.},
 volume = {9},
 number = {2},
 year = {1988},
 publisher = {SIAM}
 }


@article{alizadeh,
 author = {Farid Alizadeh},
 title = {Interior point methods in semidefinite programming with
                  applications to combinatorial optimization}, 
 journal = {SIAM Journal on Optimization},
 year = {1995},
 volume = {5},
 pages = {13--51}
}

@article{fletcher,
 author = {Fletcher, R.},
 title = {On minimizing the maximum eigenvalue of a symmetric matrix},
 journal = {SIAM J. Control and Opt.},
 volume = {23},
 number = {4},
 year = {1985},
 pages = {493--513},
 publisher = {SIAM}
 }

@InCollection{helmberg,
  author = 	 {C. Helmberg and F. Oustry},
  title = 	 {Bundle methods to minimize the maximum eigenvalue function},
  booktitle = 	 {Handbook of Semidefinite Programming: Theory,
                  Algorithms, and Applications}, 
  publisher = {Kluwer Academic Publishers, Boston, MA},
  year = 	 {2000}
}

@article{chelba,
 author = {Ciprian Chelba and Alex Acero},
 title = "Adaptation of maximum entropy capitalizer: Little data can
                  help a lot", 
 journal = {Computer Speech \& Language},
 number = {4},
 pages = {382--399},
 publisher = {Elsevier},
 volume = {20},
 year = {2006}
}

@inproceedings{elkan,
    author = "Charles Elkan",
    title = "The Foundations of Cost-Sensitive Learning",
    booktitle = "{IJCAI}",
    pages = "973-978",
    year = "2001"
}

@inproceedings{MansourMohriRostamizadeh2009,
author ="Yishay Mansour and Mehryar Mohri and Afshin Rostamizadeh",
title ="Domain Adaptation: Learning Bounds and Algorithms",
booktitle ="Proceedings of COLT",
year ="2009",
publisher="Omnipress"}



@article{dAspremont2008,
  author    = {Alexandre d'Aspremont},
  title     = {Smooth Optimization with Approximate Gradient},
  journal   = {SIAM Journal on Optimization},
  volume    = {19},
  number    = {3},
  year      = {2008},
  pages     = {1171-1183},
}

@article{Polyak1988,
 author = {Polyak, Roman A.},
 title = {Smooth optimization methods for minimax problems},
 journal   = {SIAM Journal on Optimization},
 volume = {26},
 issue = {6},
 month = {October},
 year = {1988},
 pages = {1274--1286},
 numpages = {13},
 publisher = {Society for Industrial and Applied Mathematics},
 address = {Philadelphia, PA, USA},
} 

@article{steinwart-jmlr02,
 author = {Ingo Steinwart},
 title = {On the influence of the kernel on the consistency of support vector machines},
 journal = {Journal of Machine Learning Research},
 volume = {2},
 year = {2002},
 pages = {67--93},
 publisher = {MIT Press},
 address = {Cambridge, MA, USA},
 }

@book{Dudley89book,
author = {Dudley, R. M.},
title = {Real Analysis and Probability},
year = {1989},
address = {Belmont, CA},
publisher = {Wadsworth} }

@inproceedings{Dredze08,
author = {Mark Dredze and Koby Crammer and Fernando Pereira},
title = "{Confidence-Weighted Linear Classification}",
booktitle = "ICML",
year = "2008"
}

@article{shai2010,
  author    = {Shai Ben-David and
               Tyler Lu and
               Teresa Luu and
               D{\'a}vid P{\'a}l},
  title     = {Impossibility Theorems for Domain Adaptation},
  journal   = {JMLR - Proceedings Track},
  volume    = {9},
  year      = {2010},
  pages     = {129-136},
}

@inproceedings{importance,
  author    = {Corinna Cortes and
               Yishay Mansour and
               Mehryar Mohri},
  title     = {Learning Bounds for Importance Weighting},
  booktitle = {Proceedings of NIPS},
  pages     = {442--450},
  year      = {2010},
  bibsource = {dblp computer science bibliography, http://dblp.org}
}

@article{kiferBen-DavidGehrke2004,
  title="Detecting change in data streams",
  author={Kifer, D. and Ben-David, S. and Gehrke, J.},
  journal={30th International Conference on Very Large Data Bases},
  year={2004}
}

@inproceedings{Ben-DavidBlitzerCrammerPereira2007,
  title="Analysis of Representations for Domain Adaptation",
  author={Ben-David, S. and Blitzer, J. and Crammer, K. and Pereira, F.},
  booktitle={Proceedings of NIPS},
  year={2007},
  publisher={MIT Press}
}

@MISC{Rakhlin2010,
    author = {Alexander Rakhlin and Karthik Sridharan and Ambuj Tewari},
    title = {Online Learning: Random Averages, Combinatorial Parameters, and Learnability},
    year = {2010}
}

@inproceedings{BlitzerCrammerKuleszaPereiraWortman2007,
  title="Learning Bounds for Domain Adaptation",
  author={Blitzer, J. and Crammer, K. and Kulesza, A. and Pereira, F. and Wortman, J.},
  booktitle={Proceedings of NIPS},
	year={2008},
  publisher={MIT Press}
}

@article{KoltchinskiiPanchenko2002,
  author = "V. Koltchinskii and D. Panchenko",
  title = "Empirical margin distributions and bounding the generalization error of combined classifiers",
  journal={Annals of Statistics},
  volume={30},
  year = "2002"
}
@inproceedings{CrammerEven-DarMansourWortman2010,
  author    = {Koby Crammer and
               Eyal Even-Dar and
               Yishay Mansour and
               Jennifer Wortman Vaughan},
  title     = {Regret Minimization With Concept Drift},
  booktitle = {COLT},
  year      = {2010},
  pages     = {168-180},
  ee        = {http://www.colt2010.org/papers/034vaughan.pdf},
  bibsource = {DBLP, http://dblp.uni-trier.de}
}

@inproceedings{BartlettMendelson2001,
  AUTHOR = {P. L. Bartlett and S. Mendelson},
  TITLE = {Rademacher and {G}aussian complexities: Risk  bounds and structural
  results},
  BOOKTITLE = {COLT},
  PAGES = {224--240},
  YEAR = {2001}
}
@inproceedings{Cesa-BianchiConconiGentile2001,
  author    = {Nicol{\`o} Cesa-Bianchi and
               Alex Conconi and
               Claudio Gentile},
  title     = {On the Generalization Ability of On-Line Learning Algorithms},
  booktitle = {Proceedings of NIPS},
  year      = {2001},
  pages     = {359-366}
}

@article{Bartlett2002,
    author = "Peter L. Bartlett and Shahar Mendelson",
    title = "Rademacher and {G}aussian Complexities: Risk Bounds and Structural Results",
    journal = {Journal of Machine Learning Research},
    year = {2002},
    volume = {3},
    pages = {2002}
}

@book{Talagrand1991,
author = "M. Ledoux and M. Talagrand",
title = "Probability in {B}anach Spaces: isoperimetry and processes",
publisher = "Springer",
year = "1991"}

@incollection {McDiarmid,
author = "McDiarmid, Colin",
title = "On the method of bounded differences",
pages = "148-188",
booktitle = "Surveys in Combinatorics",
year = "1989",
publisher = "Cambridge University Press" 
}

@Book{DevroyeGyorfiLugosi1996,
  author =   {Luc Devroye and L\'{a}zl\'{o} Gy\"{o}rfi and G\'{a}bor Lugosi},
  title =    {A Probabilistic Theory of Pattern Recognition},
  publisher =    {Springer},
  year =     1996,
}

@article{CortesVapnik1995,
author ="Corinna Cortes and Vladimir Vapnik",
title ="{Support-Vector Networks}",
journal ="Machine Learning",
year = "1995",
number = "3",
volume ="20"}
pages="273-297",
}

@inproceedings{SaundersGammermanVovk1998,
 author = {Craig Saunders and Alexander Gammerman and Volodya Vovk},
 title = "{Ridge Regression Learning Algorithm in Dual Variables}",
 booktitle = {ICML},
pages = {515--521},
 year = {1998},
}

@article{BousquetElisseeff2002,
 author = {Olivier Bousquet and Andr\'e Elisseeff},
 title = {Stability and generalization},
 journal = {Journal of Machine Learning Research},
 volume = {2},
 year = {2002},
 publisher = {MIT Press},
 address = {Cambridge, MA, USA},
 pages = {499--526}
 }

@article{KarabatiKouvelisYu2001,
 author = {Selcuk Karabati and Panos Kouvelis and Gang Yu},
 title = {A min-max-sum resource allocation problem and its application},
 journal = {Operations Research},
 volume = {49},
 number = {6},
 year = {2001},
 pages = {913--922}
 }

@inproceedings{vonNeumann,
 author = {J. von Neumann},
 title = "{Uber ein \"{o}konomisches Gleichungssystem und eine Verallgemeinerung des Brouwerschen Fixpunktsatzes}",
 booktitle = {Ergebn. Math. Kolloq. Wein 8},
 year = {1937},
 pages = {73--83},
}

@article{daume06,
  author =       {Hal {Daum\'e III} and Daniel Marcu},
  title =        {Domain Adaptation for Statistical Classifiers},
  journal =      {Journal of Artificial Intelligence Research},
  year =         {2006},
  volume =       {26},
  pages =        {101--126},
}


@InProceedings{daume2007frustratingly,
    author =       {Hal {Daum\'e III}},
    title =        {Frustratingly Easy Domain Adaptation},
    booktitle = { Proceedings of ACL},
    year =         {2007}
}

@inproceedings{Dredze07Frustratingly,
  author    = {Mark Dredze and
               John Blitzer and
               Partha Pratim Talukdar and
               Kuzman Ganchev and
               Jo{\~a}o Gra\c{c}a and
               Fernando Pereira},
  title     = {Frustratingly Hard Domain Adaptation for Dependency Parsing},
  booktitle = {EMNLP-CoNLL},
  year      = {2007},
}

@inproceedings{Blitzer07Biographies,
  author    = {John Blitzer and
               Mark Dredze and
               Fernando Pereira},
  title     = {Biographies, Bollywood, Boom-boxes and Blenders: Domain
               Adaptation for Sentiment Classification},
  booktitle = {Proceedings of ACL},
  year      = {2007},
  ee        = {http://aclweb.org/anthology-new/P/P07/P07-1056.pdf},
  bibsource = {DBLP, http://dblp.uni-trier.de}
}

@article{LegetterWoodlang,
  author    = {C. J. Leggetter and
               Philip C. Woodland},
  title     = {Maximum likelihood linear regression for speaker adaptation
               of continuous density hidden {M}arkov models},
  journal   = {Computer Speech {\&} Language},
  volume    = {9},
  number    = {2},
  year      = {1995},
  pages     = {171-185},
}

@article{Gauvain&Lee,
 author = {Jean-Luc Gauvain and Chin-Hui},
 title = {Maximum a posteriori estimation for multivariate Gaussian mixture observations of {M}arkov chains},
 journal = {IEEE Transactions on Speech and Audio Processing},
 year = {1994},
 volume = "2",
 number = "2",
 pages = {291–-298}
}

@book{jelinek,
author="Frederick Jelinek",
title="{Statistical Methods for Speech Recognition}",
publisher="The MIT Press",
year="1998"}

@inproceedings{DellaPietra,
 author = {S. Della Pietra and V. Della Pietra and R. L. Mercer and S. Roukos},
 title = {Adaptive language modeling using minimum discriminant estimation},
 booktitle = {Proceedings of the workshop on Human Language Technologies (HLT)},
 pages = {103--106},
 year = {1992},
}

@article{Rosenfeld96,
  author = "Roni Rosenfeld",
  title = "{A Maximum Entropy Approach to Adaptive Statistical Language Modeling}",
  journal = {Computer Speech and Language},
  volume = "10",
  pages = "187--228",
  year = "1996"
}

@book{Valiant1984,
  title="A Theory of the Learnable",
  author="Valiant, Leslie G.",
  year={1984},
  publisher={ACM Press New York, NY, USA}
}

@article{Martinez2002,
 author = {Aleix M. Mart\'{\i}nez},
 title = {Recognizing Imprecisely Localized, Partially Occluded, and Expression Variant Faces from a Single Sample per Class},
 journal = {IEEE Trans. Pattern Anal.},
 volume = {24},
 number = {6},
 year = {2002},
 publisher = {IEEE Computer Society},
 address = {Washington, DC, USA},
 }

@inproceedings{JiangZhai2007,
title = "{Instance Weighting for Domain Adaptation in NLP}",
author = {Jing Jiang and ChengXiang Zhai},
booktitle = {Proceedings of ACL},
pages = {264--271},
year = {2007}
}

@inproceedings{roark03supervised,
  author = "Brian Roark and Michiel Bacchiani",
  title = "Supervised and unsupervised {PCFG} adaptation to novel domains",
booktitle= "Proceedings of HLT-NAACL",
year    = "2003"
}

@article{ChelbaAcero2006,
 author = {Ciprian Chelba and Alex Acero},
 title = "Adaptation of maximum entropy capitalizer: Little data can help a lot",
 journal = {Computer Speech \& Language},
 number = {4},
 pages = {382--399},
 publisher = {Elsevier},
 volume = {20},
 year = {2006}
}

@book{mohribook,
  title={Foundations of machine learning},
  author={Mohri, Mehryar and Rostamizadeh, Afshin and Talwalkar, Ameet},
  year={2012},
  publisher={MIT press}
}
@inproceedings{Elkan2001,
    author = "Charles Elkan",
    title = "The Foundations of Cost-Sensitive Learning",
    booktitle = "{IJCAI}",
    pages = "973-978",
    year = "2001"}


@article{Nesterov2005,
 author = {Nesterov, Yu},
 title = {Smooth minimization of non-smooth functions},
 journal = {Math. Program.},
 volume = {103},
 issue = {1},
 month = {May},
 year = {2005},
 pages = {127--152},
 numpages = {26},
 publisher = {Springer-Verlag New York, Inc.},
 address = {Secaucus, NJ, USA},
} 

@article{Nesterov2007,
 author = {Nesterov, Yurii},
 title = {Smoothing Technique and its Applications in Semidefinite Optimization},
 journal = {Math. Program.},
 volume = {110},
 issue = {2},
 year = {2007},
 pages = {245--259},
 numpages = {15},
 publisher = {Springer-Verlag New York, Inc.},
 address = {Secaucus, NJ, USA},
} 
% month = {March},

@article{Nesterov1983, 
author={Nesterov, Yu}, 
title={A method of solving a convex programming problem with convergence rate {$O(1/k^2)$}}, 
journal={Soviet Mathematics Doklady}, 
volume={27}, 
number={2}, 
pages={372-376},
year={1983},
}

@article{dAspremont2008,
  author    = {Alexandre d'Aspremont},
  title     = {Smooth Optimization with Approximate Gradient},
  journal   = {SIAM Journal on Optimization},
  volume    = {19},
  number    = {3},
  year      = {2008},
  pages     = {1171-1183},
}

@article{Polyak1988,
 author = {Polyak, Roman A.},
 title = {Smooth optimization methods for minimax problems},
 journal   = {SIAM Journal on Optimization},
 volume = {26},
 issue = {6},
 month = {October},
 year = {1988},
 pages = {1274--1286},
 numpages = {13},
 publisher = {Society for Industrial and Applied Mathematics},
 address = {Philadelphia, PA, USA},
} 

@book{rivest,
author="T. Cormen and C. Leiserson and  R. Rivest",
title="Introduction to Algorithms",
publisher="The MIT Press",
year="1992"}


@article{Steinwart2002,
 author = {Ingo Steinwart},
 title = {On the influence of the kernel on the consistency of support vector machines},
 journal = {Journal of Machine Learning Research},
 volume = {2},
 year = {2002},
 pages = {67--93},
 publisher = {MIT Press},
 address = {Cambridge, MA, USA},
 }

@book{Dudley89,
author = {Dudley, R. M.},
title = {Real Analysis and Probability},
year = {1989},
address = {Belmont, CA},
publisher = {Wadsworth} }

@article{HelmboldLong1994,
  author = "David P. Helmbold and Phil M. Long",
  title = "Tracking drifting concepts by minimizing disagreements",
  journal = "Machine Learning",
  volume = "14",
  number = "1",
  pages = "27--46",
  year = "1994"
}

@article{Long1999,
  author = "Phil M. Long",
  title = "The complexity of learning according to two models of a drifting environment",
  journal = "Machine Learning",
  volume = "37",
  numver = "3",
  pages = "337--354",
  year = "1999"
}

@article{BarveLong1997,
  author = "Rakesh D. Barve and Phil M. Long",
  title = "On the complexity of learning from drifting distributions",
  journal = "Information and Computation",
  volume = "138",
  number = "2",
  pages = "101--123",
  year = "1997"
}

@inproceedings{FreundMansour1997,
  author = "Yoav Freund and Yishay Mansour",
  title = "Learning under persistent drift",
  booktitle = "EuroColt",
  pages = "109--118",
  year = "1997"
}

@article{BartlettBen-DavidKulkarni2000,
  author = "Peter L. Bartlett and Shai Ben-David and Sanjeev Kulkarni",
  title = "Learning changing concepts by exploiting the structure of change",
  journal = "Machine Learning",
  volume = "41",
  pages = "153--174",
  year = "2000"
}

@inproceedings{KuhPetscheRivest1992,
  author = "A. Kuh and T. Petsche and R. L. Rivest",
  title = "Incrementally Learning Time-Varying Half-planes",
  booktitle = "Advances in Neural Information Processing Systems 4",
  pages = "920--927",
  year = "1992"
}

@inproceedings{KuhPetscheRivest1991,
  author = "A. Kuh and T. Petsche and R. L. Rivest",
  title = "Learning Time-Varying Concepts",
  booktitle = "Advances in Neural Information Processing Systems 3",
  year = "1991"
}


@book{Cesa-BianchiLugosi2006,
  author = "Nicol\`o Cesa-Bianchi and G\'abor Lugosi",
  title = "Prediction, learning, and games",
  publisher = "Cambridge University Press",
  year = "2006"
}

@article{CavallantiCesa-BianchiGentile2007,
  author = "Giovanni Cavallanti and Nicol\`o Cesa-Bianchi and Claudio Gentile",
  title = "Tracking the Best Hyperplane with a Simple Budget Perceptron",
  journal = "Machine Learning",
  volume = "69",
  number = "2/3",
  pages = "143--167",
  year = "2007"
}

@article{HerbsterWarmuth2001,
  title = "Tracking the best linear predictor",
  author = "Mark Herbster and Manfred Warmuth",
  journal = "Journal of Machine Learning Research",
  volume = "1",
  pages = "281--309",
  year = "2001"
}


@article{HerbsterWarmuth1998,
  title = "Tracking the best expert",
  author = "Mark Herbster and Manfred Warmuth",
  journal = "Machine Learning",
  volume = "32",
  number = "2",
  pages = "151--78",
  year = "1998"
}


@unpublished{Even-DarMansourWortman2009,
  author = "Eyal Even-Dar and Yishay Mansour and Jennifer Wortman",
  title = "Regret Minimization With Concept Drift",
  note ="unpublished, 2009"
}

@inproceedings{Even-DarMansourWortman2010,
  author = "Eyal Even-Dar and Yishay Mansour and Jennifer Wortman",
  title = "Regret Minimization With Concept Drift",
  booktitle = {Proceedings of the Conference on Learning Theory (COLT)},
  year      = {2010},
}

@inproceedings{CortesMohri2011,
  author    = {Corinna Cortes and
               Mehryar Mohri},
  title     = {Domain Adaptation in Regression},
  booktitle = {Proceedings of ALT},
  year      = {2011},
}

@inproceedings{Bartlett1992,
 author = {Bartlett, Peter L.},
 title = {Learning with a slowly changing distribution},
 booktitle = {Proceedings of the fifth annual workshop on Computational learning theory},
 series = {Proceedings of the Conference on Learning Theory (COLT)},
 year = {1992},
 location = {Pittsburgh, Pennsylvania, United States},
 pages = {243--252},
 numpages = {10},
 publisher = {ACM},
 address = {New York, NY, USA},
} 

@inproceedings{Littlestone,
 author = {Littlestone, Nick},
 title = {From on-line to batch learning},
 booktitle = {Proceedings of the second annual workshop on Computational learning theory},
 year = {1989},
 location = {Santa Cruz, California, United States},
 pages = {269--284},
 numpages = {16},
 publisher = {Morgan Kaufmann Publishers Inc.},
 address = {San Francisco, CA, USA},
} 

@book{KearnsVazirani97,
author = "Micheal Kearns and Umesh Vazirani",
title = "An Introduction to Computational Learning Theory",
publisher = "The MIT Press",
year = "1997"}

@Article{Dudley84,
  author =	 {Richard M. Dudley},
  title =	 {A course on empirical processes},
  journal =	 {Lecture Notes in Math.},
  year =	 {1984},
  volume =	 {1097},
  pages =	 {2 - 142}
}

@Book{Pollard84,
  author =	 {David Pollard},
  title =	 {Convergence of Stochastic Processess},
  publisher =	 {Springer},
  address =	 {New York},
  year =	 {1984}
}

@Book{Talagrand2005,
  author =	 {Michel Talagrand},
  title =	 {The Generic Chaining},
  publisher =	 {Springer},
  address =	 {New York},
  year =	 {2005}
}

@article{Valiant2011,
  author    = {Paul Valiant},
  title     = {Testing Symmetric Properties of Distributions},
  journal   = {SIAM J. Comput.},
  volume    = {40},
  number    = {6},
  year      = {2011},
  pages     = {1927-1968},
}

@inproceedings{DudikSchapirePhillips2006,
author= {Miroslav Dud\'ik and Robert E. Schapire and Steven J. Phillips},
title = {Correcting sample selection bias in maximum entropy density estimation},
booktitle = {Proceedings of NIPS},
year  = {2006}
}

@inproceedings{Zadrozny2004,
author= {Bianca Zadrozny},
title = {Learning and evaluating classifiers under sample selection bias},
booktitle = {Proceedings of the ICML (ICML)},
year  = {2004}
}

@inproceedings{Zadrozny2003,
author= {Bianca Zadrozny and John Langford and Naoki Abe},
title = {Cost-sensitive learning by cost-proportionate example weighting},
booktitle = {ICDM},
year  = {2003}
}

@inproceedings{Zadrozny2005,
 author = {Wei Fan and Ian Davidson and Bianca Zadrozny and Philip S. Yu},
 title = {An Improved Categorization of Classifier's Sensitivity on Sample Selection Bias},
 booktitle = {ICDM},
 year = {2005},
 pages = {605--608},
 }

@article{Heckman1979,
author ="James J. Heckman",
title ="{Sample Selection Bias as a Specification Error}",
journal ="Econometrica",
number ="1",
volume ="47",
pages ="151-161",
year = "1979"}

@book{LittleRubin1986,
 author = {Roderick J. A. Little and Donald B. Rubin},
 title = {Statistical analysis with missing data},
 year = {1986},
 publisher = {John Wiley \& Sons, Inc.},
 address = {New York, NY, USA},
}
@inproceedings{CortesMohriRileyRostamizadeh2008,
  author    = {Corinna Cortes and
               Mehryar Mohri and
               Michael Riley and
               Afshin Rostamizadeh},
  title     = {Sample Selection Bias Correction Theory},
  booktitle = {Proceedings of ALT},
  year      = {2008},
  pages     = {38-53},
}

@article{AnastasiosDavidianCao2009,
author ="Anastasios A. Tsiatis and Marie Davidian and Weihua Cao",
title ="Improved Doubly Robust Estimation when Data are Monotonely Coarsened, with Application to Longitudinal Studies with Dropout",
journal ="Biometrics",
volume ="64",
year = "2009"}

@inproceedings{HuangSmolaGrettonBorgwardtScholkopf2006,
  author    = {Jiayuan Huang and
               Alexander J. Smola and
               Arthur Gretton and
               Karsten M. Borgwardt and
               Bernhard Sch{\"o}lkopf},
  title     = {Correcting Sample Selection Bias by Unlabeled Data},
  booktitle = {Proceedings of NIPS},
  volume    = {19},
  year      = {2006},
  pages     = {601-608}
}


@inproceedings{SugiyamaNakajimaKashimaVonBunauKawanabe2008,
 author    = {Masashi Sugiyama and
               Shinichi Nakajima and
               Hisashi Kashima and
               Paul von B{\"{u}}nau and
               Motoaki Kawanabe},
  title     = {Direct Importance Estimation with Model Selection and Its Application
               to Covariate Shift Adaptation},
  booktitle = {Proceedings of NIPS},
  pages     = {1433--1440},
  year      = {2007},
}

@article{SugiyamaSuzukiNakajimaKashimaVonBunauKawanabe2008,
  author = 	 {Sugiyama, M. and Suzuki, T. and Nakajima, S. and
                  Kashima, H. and von B\"unau, P. and Kawanabe, M.}, 
  title = 	 {Direct Importance Estimation for Covariate Shift Adaptation},
  journal = {Annals of the Institute of Statistical Mathematics},
  volume = "60",
  pages = "699-746",
  year        = {2008}
}

@inproceedings{BickelBrucknerScheffer2007,
 author    = {Steffen Bickel and
               Michael Br{\"{u}}ckner and
               Tobias Scheffer},
  title     = {Discriminative learning for differing training and test
                  distributions}, 
  booktitle = {Proceedings of ICML},
  pages     = {81--88},
  year      = {2007},
}

@article{BickelBrucknerScheffer2009,
  author    = {Steffen Bickel and
               Michael Br{\"u}ckner and
               Tobias Scheffer},
  title     = {Discriminative Learning Under Covariate Shift},
  journal   = {JMLR},
  volume    = {10},
  year      = {2009},
  pages     = {2137-2155},
}

@inproceedings{CortesMansourMohri2010,
  author    = {Corinna Cortes and
               Yishay Mansour and
               Mehryar Mohri},
  title     = {Learning Bounds for Importance Weighting},
  booktitle = {Proceedings of NIPS},
  year      = {2010},
  pages     = {442-450},
}

@article{Shimodaira2000,
  author = {Shimodaira, Hidetoshi},
  title = {Improving predictive inference under covariate shift by weighting
	the log-likelihood function},
  journal = {Journal of Statistical Planning and Inference},
  number = 2,
  pages = {227--244},
  volume = 90,
  year = 2000
}

@article{Lewis95,
  author = {A. S. Lewis},
  title = {The Convex Analysis of Unitarily Invariant Matrix Functions},
  journal = { Journal of Convex Analysis},
  number = 2,
  pages = {173–-183},
  volume = 2,
  year = {1995}
}

@misc{JuditskyNemirovski2008,
  author = 	 {A. Juditsky and A. Nemirovski},
  title = 	 {Large deviations of vector-valued martingales in 2-smooth normed spaces},
  howpublished = {arxiv},
  year = 	 {2008},
  note = 	 {0809.0813v1},
}

@book{GolubVanLoan96,
    title = {Matrix Computations},
    author = {Golub, Gene H. and van Van Loan, Charles F.},
    edition = {3rd},
    publisher = {The Johns Hopkins University Press},
    year = {1996}
}

@book{Nesterov2003,
    title = {Introductory Lectures on Convex Optimization: A Basic Course},
    author = {Nesterov, Yurii},
    publisher = {Springer},
    year = {2003}
}

@inproceedings{YuSzepesvari2012,
  author    = {Yaoliang Yu and
               Csaba Szepesv{\'a}ri},
  title     = {Analysis of Kernel Mean Matching under Covariate Shift},
  booktitle = {ICML},
  year      = {2012},
}

@inproceedings{drift,
author ="Mehryar Mohri and Andres {Mu\~noz}",
title ="New Analysis and Algorithm for Learning with Drifting Distributions",
booktitle ="Proceedings of ALT",
publisher="Springer",
year ="2012"}

@article{CortesMohri2013,
author ="Corinna Cortes and Mehryar Mohri",
title ="Domain Adaptation and Sample Bias Correction Theory and Algorithm for Regression",
journal ="Theoretical Computer Science",
year ="2013",
volume ="9474"}

@inproceedings{BenDavidUrner2012,
  author    = {Shai Ben-David and
               Ruth Urner},
  title     = {On the Hardness of Domain Adaptation and the Utility of
               Unlabeled Target Samples},
  booktitle = {Proceedings of ALT},
  year      = {2012},
  pages     = {139-153},
}

@article{Kanamorietal2009,
 author = {Kanamori, Takafumi and Hido, Shohei and Sugiyama, Masashi},
 title = {A Least-squares Approach to Direct Importance Estimation},
 journal = {JMLR},
 volume = {10},
 year = {2009},
 pages = {1391--1445},
 numpages = {55},
} 

@article{Yamadaetal2013,
  author    = {Makoto Yamada and
               Taiji Suzuki and
               Takafumi Kanamori and
               Hirotaka Hachiya and
               Masashi Sugiyama},
  title     = {Relative Density-Ratio Estimation for Robust Distribution
               Comparison},
  journal   = {Neural Computation},
  volume    = {25},
  number    = {5},
  year      = {2013},
  pages     = {1324-1370},
}

@article{Yildirim2008,
  author    = {E. Alper Yildirim},
  title     = {Two Algorithms for the Minimum Enclosing Ball Problem},
  journal   = {SIAM Journal on Optimization},
  volume    = {19},
  number    = {3},
  year      = {2008},
  pages     = {1368-1391},
}

@article{CortesMohriMunoz2014,
author ="Corinna Cortes and Mehryar Mohri and Andres {Mu\~noz}",
title = "Adaptation Algorithm and Theory Based on Generalized Discrepancy",
journal = {ArXiv:1405.1503},
year = "2014",
month = "May"}

@misc{Delve,
  title = {The Delve Project},
  author = "Carl Edward Rasmussen and Radford M. Neal and Geoffrey Hinton and Drew van Camp and Michael Revow 
Zoubin Ghahramani and Rafal Kustra and Rob Tibshirani",
  howpublished = {\url{http://www.cs.toronto.edu/~delve/data/datasets.html}},
  note = {version 1.0},
  year = {1996}
}


@inproceedings{HoffmanDarrellSaenko2014,
  author    = {Judy Hoffman and
               Trevor Darrell and
               Kate Saenko},
  title     = {Continuous Manifold Based Adaptation for Evolving Visual Domains},
  booktitle = {Proceedings of {IEEE} CVPR},
  pages     = {867--874},
  year      = {2014},
}
